@book{lyon_broeren_giguere_gopalarathnam_selig_1997, place={Virginia Beach, VA}, title={Summary of Low-Speed Airfoil Data}, volume={3}, publisher={SoarTech Publications}, author={Lyon, Christopher Alan and Broeren, Andy P and Giguere, Philippe and Gopalarathnam, Ashok and Selig, Michael S}, year={1997}}